@ARTICLE { ArenasFabio,
    author      = {Fabio Arenas and Mario Collota and Giovanni Pau and Francesco Termine},
    title       = {An Overview of Augmented Reality},
    journal     = {Computers},
    year        = {2022},
    volume      = {11},
    number      = {2},
    pages       = {28},
    keywords    = {Augmented reality;Virtual reality;Industry 4.0;Vehicle maintenance},
    doi         = {10.3390/computers11020028}
}

@INPROCEEDINGS { BondinAndrea,
    author      = {Bondin, Andrea and Zammit, Joseph Paul},
    booktitle   = {2022 IEEE International Conference on Technology Management, Operations and Decisions (ICTMOD)}, 
    title       = {A New Age for Plant Maintenance: Making use of Augmented Reality to Improve Maintenance of Production Assets}, 
    year        = {2022},
    volume      = {},
    number      = {},
    pages       = {1-6},
    keywords    = {Costs;Three-dimensional displays;Technology management;Production;Maintenance engineering;Software;Fourth Industrial Revolution;Augmented Reality;Reactive Maintenance;Industry 4.0;Process Improvement;Six Sigma},
    doi         = {10.1109/ICTMOD55867.2022.10041879}
}

@INPROCEEDINGS { CachadaAna,
    author      = {Cachada, Ana and Barbosa, Jose and Leitño, Paulo and Gcraldcs, Carla A.S. and Deusdado, Leonel and Costa, Jacinta and Teixeira, Carlos and Teixeira, João and Moreira, António H.J. and Moreira, Pedro Miguel and Romero, Luís},
    booktitle   = {2018 IEEE 23rd International Conference on Emerging Technologies and Factory Automation (ETFA)}, 
    title       = {Maintenance 4.0: Intelligent and Predictive Maintenance System Architecture}, 
    year        = {2018},
    volume      = {1},
    number      = {},
    pages       = {139-146},
    keywords    = {Prognostics and health management;Predictive maintenance;Data analysis;Monitoring;Systems architecture;Augmented reality;Industry 4.0;industrial maintenance;predictive maintenance;data analysis;augmented reality},
    doi         = {10.1109/ETFA.2018.8502489}
}

@ARTICLE { FrandsenJames,
    author      = {James Frandsen and Joe Tenny and Walter Frandsen and Yuri Hovanski},
    title       = {An augmented reality maintenance assistant with real-time quality inspection on handheld mobile devices},
    journal     = {The International Journal of Advanced Manufacturing Technology},
    volume      = {125},
    pages       = {4253--4270},
    year        = {2024},
    keywords    = {Mobile augmented reality;Quality inspection;Computer vision;Maintenance procedures;Industry 4.0},
    doi         = {10.1007/s00170-023-10978-1}
}

@MASTERSTHESIS { OtalvaroRogelio,
    author      = {Rogelio Gracia Otálvaro},
    title       = {Aplicación de la realidad aumentada para el mantenimiento de equipos industriales.},
    type        = {Tesis de pregrado},
    year        = {2020},
    month       = {},
    address     = {Madrid, España},
    school      = {Universidad Pontificia Comillas},
    note        = {Recuperado de: http://hdl.handle.net/11531/41255}
}

@ARTICLE { MuñozMacias,
    author      = {Muñoz Macias, G. and Álvarez Brito, B. and Mero Briones, H. and Muñoz Macias, C.},
    title       = {Realidad Aumentada Aplicada en la Supervisión, Mantenimiento de Equipos y Procesos Industriales},
    journal     = {CONECTIVIDAD},
    volume      = {5},
    number      = {2},
    pages       = {63--78},
    year        = {2024},
    keywords    = {Realidad Aumentada;Eficiencia;Supervisión;Mantenimiento Industrial},
    doi         ={10.37431/conectividad.v5i2.130}
}

@TECHREPORT { FundacionChile,
    author      = {{Fundación Chile (FCh)}},
    title       = {FUERZA LABORAL DE MANTENIMIENTO EN LA INDUSTRIA CHILENA: ESTUDIO SOBRE CARACTERÍSTICAS Y EVOLUCIÓN TECNOLÓGICA},
    institution = {Fundación Chile (FCh)},
    type        = {Estudio},
    year        = {2021},
    month       = {May},
    address     = {Santiago, Chile},
    sponsor     = {OTIC SOFOFA y SENCE},
    editor      = {Alder Comunicaciones},
    url         = {https://fch.cl/publicacion/fuerza-laboral-de-mantenimiento-en-la-industria-chilena-estudio-sobre-caracteristicas-y-evolucion-tecnologica/},
}
